@book{giancoli2010physik,
  title={Physik: Lehr- und {\"U}bungsbuch},
  author={Giancoli, D.C.},
  isbn={9783868940237},
  series={Pearson Studium - Physik},
  url={http://books.google.de/books?id=blIf3HCpDy8C},
  year={2010},
  publisher={Pearson Deutschland}
},
@book{tipler2008physics,
  title={Physics for Scientists and Engineers},
  author={Tipler, P.A. and Mosca, G.},
  number={Teile 1-33},
  isbn={9781429201247},
  lccn={2007010418},
  series={Physics for Scientists and Engineers},
  url={http://books.google.de/books?id=AttDBYgLeZkC},
  year={2008},
  publisher={W. H. Freeman}
},
@manual{anleitung-ws2014,
    author = {Donath, Markus and Schmidt, Anke},
    title = {Anleitung zu den Experimentellen Übungen zur Mechanik und Elektrizitätslehre},
    publisher = {Physikalisches Institut},
    year = {2014},
    month = {Oktober},
    edition = {Auflage Wintersemester 2014/2015},
    organization = {Westfälische Wilhelms-Universität Münster}
}